@online{vue,
    title = {Vue.js},
    url = {https://vuejs.org/},
    year = {2014--2019},
    author = {Evan You}
}
@online{express,
    title = {Express},
    url = {https://expressjs.com/},
    year = {2017},
    author = {StrongLoop and IBM and other expressjs.com contributors}
}
@online{nodejs,
    title = {Node.js},
    url = {https://nodejs.org/en/},
    author = {Node.js Foundation}
}
@online{sequelize,
    title = {Sequelize},
    url = {http://docs.sequelizejs.com/},
    author = {Sascha Depold},
    year = {2014--present}
}
@online{dotenv,
    title = {dotenv},
    url = {https://github.com/motdotla/dotenv},
    author = {Scott Motte}
}